@TechReport{RePEc:rpc:rdfdoc:redif,
  author={Thomas Krichel},
  title={{ReDIF}},
  year=1997,
  institution={RePEc Team},
  type={RePEc and ReDIf documentation},
  url={http://ideas.repec.org/p/rpc/rdfdoc/redif.html},
  number={ReDIF},
  abstract={This document describes current version of the Research Documents Information Format (ReDIF). This is a simple field: data format inspired from the IAFA templates. A primitive nesting stucture syntax is enabled through the use of clusters of fields. ReDIF is currently used by RePEc.},
  keywords={},
}
